@misc{ESAfeed,
author = {{Wolff, Christian}},
title = {Feeding Systems of Phased Arrays},
url = {https://www.radartutorial.eu/06.antennas/Feeding%20Systems.en.html},
year = {2025}
}}

@misc{HMC647,
author = {{Digikey}},
title = {HMC647ALP6E},
url = {https://www.digikey.co.za/en/products/detail/analog-devices-inc/HMC647ALP6E/5886934?gad_source=1&gad_campaignid=20282057973&gbraid=0AAAAADrbLliXfxIdGeAvbau5GVk2_Z25t&gclid=Cj0KCQjwyIPDBhDBARIsAHJyyVh2D0dvsjadeNCJ_9vl_uq0K0Jmi1zNC6C50FCE0sEE4DPvopNK1eQaAhD},
year = {2025}
}}

@misc{reflectarrayy,
author = {{Kopp, Dr Carlo}},
title = {Phazotron Zhuk AE/ASE},
url = {https://www.ausairpower.net/APA-Zhuk-AE-Analysis.html},
year = {2014}
}}

@misc{VSWR,
author = {{Arar, Dr. Steve}},
title = {Transmission Line Theory: Observing the Reflection Coefficient and Standing Wave},
url = {https://www.allaboutcircuits.com/technical-articles/rf-transmission-line-theory-reflection-coefficient-and-standing-waves/},
year = {2023}
}}

@misc{Farfield,
author = {{Pozar, D. M.}},
title = {Microwave engineering},
url = {https://www.takealot.com/microwave-engineering/PLID73727449?gad_campaignid=18919708446&gad_source=1&gbraid=0AAAAADuiBEz-RM0v1B6Rj24-D220LUrRS&gclid=Cj0KCQjw4qHEBhCDARIsALYKFNNgLGDgz0dDWVz7qCdULGDQwa-kAb-kpabDiEW-ZumsjZ_COKx4VzEaAge3EALw_wcB&gclsrc=aw.ds&gclsrc=aw.ds},
year = {2011}
}}

@misc{patchDimensions,
author = {{antenna-theory.com}},
title = {Microstrip (Patch) Antennas},
url = {https://www.antenna-theory.com/antennas/patches/antenna.php},
year = {2021}
}}

@misc{Fringing,
author = {{Stutzman, Warren L.}},
title = {Antenna Theory},
publisher = {John Wiley & Sons, Inc.},
chapter = {Chapter 11},
url = {https://www.takealot.com/antenna-theory-analysis-and-design/PLID41376779?gad_campaignid=18919708446&gad_source=1&gbraid=0AAAAADuiBEz-RM0v1B6Rj24-D220LUrRS&gclid=Cj0KCQjw4qHEBhCDARIsALYKFNOw906DjPInB2ZG-0DS3G1vY4986lhhsD66ouaIAa8OlKN_dVsdfy8aArvfEALw_wcB&gclsrc=aw.ds&gclsrc=aw.ds},
year = {2013}
}}

@misc{Horn,
author = {{Stutzman, Warren L.}},
title = {Antenna Theory},
publisher = {John Wiley & Sons, Inc.},
chapter = {Chapter 9},
url = {https://www.takealot.com/antenna-theory-analysis-and-design/PLID41376779?gad_campaignid=18919708446&gad_source=1&gbraid=0AAAAADuiBEz-RM0v1B6Rj24-D220LUrRS&gclid=Cj0KCQjw4qHEBhCDARIsALYKFNOw906DjPInB2ZG-0DS3G1vY4986lhhsD66ouaIAa8OlKN_dVsdfy8aArvfEALw_wcB&gclsrc=aw.ds&gclsrc=aw.ds},
year = {2013}
}}

@misc{50Ohm,
author = {{Circuits, All About}},
title = {The 50 $\Omega$ Question: Impedance Matching in RF Design},
url = {https://www.allaboutcircuits.com/textbook/radio-frequency-analysis-design/real-life-rf-signals/the-50-question-impedance-matching-in-rf-design/},
year = {2025}
}}

@misc{FR4,
author = {{Analysis, Cadence System}},
title = {Common PCB Dielectric Materials and Their Properties},
url = {https://resources.system-analysis.cadence.com/blog/msa2021-common-pcb-dielectric-materials-and-their-properties},
year = {2025}
}}

@misc{Wavelength,
author = {{Circuits, All About}},
title = {Wavelength (TEM) Calculator},
url = {https://www.allaboutcircuits.com/tools/wavelength-tem-calculator/},
year = {2025}
}}

@misc{FMCW,
author = {{Systems, Hawk Measurement}},
title = {What is the difference between frequencymodulated},
url = {https://www.hawkmeasurement.com/assets/files/FMCW_vs_Pulse_Radar_White_Paper_1.pdf},
year = {2020}
}}

@misc{Permittivty,
author = {{Merriam-Webster}},
title = {Permittivty},
url = {https://www. merriam-webster.com/dictionary/permittivity},
year = {2022}
}}

@misc{Permeability,
author = {{Merriam-Webster}},
title = {Permeability},
url = {https://www.merriam-webster.com/%20dictionary/permeability},
year = {2022}
}}

@misc{Sparams,
author = {{microwaves101}},
title = {S-parameters},
url = {https://www. microwaves101.com/encyclopedias/s-parameters},
year = {2022}
}}

@misc{Substrate,
author = {{Coonrod, John}},
title = {Understanding when to use FR-4 laminates or High Frequency Laminates},
url = {https://www.electronics.org/system/files/technical_resource/E6%26S21_03.pdf},
year = {2010}
}}